@article{Goh,
  author 	= "Goh, C.K. and Quek, H.Y. and Tan, K.C. and Abbass, H.A.",
  title 	= "Modeling Civil Violence: An Evolutionary Multi-Agent, Game-Theoretic Approach.",
  journal	= "Evolutionary Computation",
  %volume	= "",
  pages		= "1624-1631",
  year		= "2006"
}

@article{Xarticle,
    author    = "",
    title     = "",
    journal   = "",
    volume   = "",
    %number   = "",
    pages    = "",
    year      = "XXXX",
    %month    = "",
    %note     = "",
}


@book{Xbook,
    author    = "",
    title     = "",
    publisher = "",
    %volume   = "",
    %number   = "",
    %series   = "",
    address  = "",
    %edition  = "",
    year      = "XXXX",
    %month    = "",
    %note     = "",
}


